@inproceedings{belkin2002using,
  title={Using manifold stucture for partially labeled classification},
  author={Belkin, Mikhail and Niyogi, Partha},
  booktitle={Advances in neural information processing systems},
  pages={929--936},
  year={2002}
}

@article{berard1994embedding,
  title={Embedding Riemannian manifolds by their heat kernel},
  author={B{\'e}rard, Pierre and Besson, G{\'e}rard and Gallot, Sylvain},
  journal={Geometric \& Functional Analysis GAFA},
  volume={4},
  number={4},
  pages={373--398},
  year={1994},
  publisher={Springer}
}

@article{coifman2005geometric,
  title={Geometric diffusions as a tool for harmonic analysis and structure definition of data: Diffusion maps},
  author={Coifman, Ronald R and Lafon, Stephane and Lee, Ann B and Maggioni, Mauro and Nadler, Boaz and Warner, Frederick and Zucker, Steven W},
  journal={Proceedings of the National Academy of Sciences of the United States of America},
  volume={102},
  number={21},
  pages={7426--7431},
  year={2005},
  publisher={National Acad Sciences}
}

@article{smallworld1,
  title={A resilient, low-frequency, small-world human brain functional network with highly connected association cortical hubs},
  author={S. Achard, R. Salvador, B. Whitcher, J. Suckling, and E. Bullmore},
  journal={J. Neurosci},
  volume={26},
  pages={63-72},
  year={2006},
}

@article{smallworld2,
  title={Small-world brain networks},
  author={D. S. Bassett},
  journal={Neuroscientist},
  volume={12},
  pages={512-523},
  year={2006},
}

@article{pershomcompnetw,
  title={Persistent Homoloogy of Complex Network},
  author={Danijela Horak, Slobodan Maletic, Milan Rajkovic}, journal={arXiv:0811.2203v2},
  year={2008}
}

@book{zomorodian,
  title={Computing Persistent Homology, Discrete and Computational Geometry},
  author={Afra Zomorodian,Gunnar Carlsson},
  volume={33},
  publisher={Springer},
  year={2004}
}

@article{optimalc1,
  title={Distributed Coverage Verification in Sensor Networks Without Location Information},
  author={Alireza Tahbaz-Salehi, Ali Jadbabaie},
  journal={IEEE Transactions on Automatic Control},
  volume={55},
  pages={1837-1849},
  year={2010},
}

@article{optimalc2,
  title={Volume Optimal Cycle: Tightest representative cycle of a generator on persistent homology},
  author={Ippei Obayashi},
  journal={arXiv:1712.05103},
  year={2017}
}

@article{barcode,
  title={Barcodes: The Persistent Topology of Data},
  author={Robert Ghrist},
  journal={Bull. Amer. Math. Soc.},
  volume={45},
  pages={61-75},
  year={2008}
}

@article{roadmap,
  title={A roadmap for the computation of persistent homology},
  author={Nina Otter, Mason A Porter, Ulrike Tillmann, Peter Grindrod and Heather A Harrington },
  journal={EPJ Data Science},
  volume={6:17},
  year={2017}
}

@article{dendogram,
  title={Persistent Brain Network Homology From the Perspective of Dendogram},
  author={Hyekyoung Lee, Hyejin Kang, Moo K. Chung, Bung-Nyun Kim and Dong Soo Lee},
  journal={IEEE Transactions on Medical Imaging},
  volume={31},
  year={2012},
  pages={2267-2277}
}

@inproceedings{pershombrainnetw,
  title={Discriminative Persistent Homology of Brain Networks},
  author={Hyekyoung Lee, Moo K. Chung, Hyejin Kang, Bung-Nyun Kim and Dong Soo Lee},
  booktitle={IEEE International Symposium on Biomedical Imaging: From Nano to Macro},
  year={2011},
  publisher={IEEE}
}

@article{struc-funcpershom,
  title={Structure-Funtion Network Mapping and Its Assessment via Persistent Homology},
  author={Hualou Liang, Hongbin Wang},
  journal={PLOS, Computational Biology},
  year={2017}
}

@article{scaffold,
  title={Homological Scaffolds of Brain Functional Networks},
  author={G. Petri, P. Expert, F. Turkheimer, R. Carhart-Harris, D. Nutt, P.J. Hellyer and F. Vaccarino},
  journal={Journal of The Royal Society Interface},
  volume={11},
  year={2014}
}

@article{graphtheory,
  title={Complex brain networks: graph theoretical analysis of structural and functional systems},
  author={Ed Bullmore, Olaf Sporns},
  journal={Nature Reviews Neuroscience},
  volume={10},
  year={2009}
}

@article{stateoftheart,
  title={Structure and function of complex brain networks },
  author={Olaf Sporns},
  journal={Dialogues in Clinical Neuroscience},
  volume={15:3},
  year={2013}
}

@article{topologyanddata,
  title={Topology and data},
  author={Gunnar Carlsson},
  journal={Bull. Amer. Math. Soc.},
  volume={46},
  year={2009}
}

@inproceedings{pershomsimplif,
  title={Topological Persistence and Simplification},
  author={H. Edelsbrunner, D. Letscher, A. Zomorodian},
  booktitle={Proceedings 41st Annual Symposium on Foundations of Computer Science},
  year={2000},
  publisher={IEEE}
}